% This file was created with JabRef 2.10.
% Encoding: UTF-8


@Article{Tibshirani1996,
  Title                    = {Regression shrinkage and selection via the lasso},
  Author                   = {Tibshirani, Robert},
  Journal                  = {Journal of the Royal Statistical Society. Series B (Methodological)},
  Year                     = {1996},
  Pages                    = {267--288},

  Publisher                = {JSTOR}
}

@Conference{Yin2014,
  Title                    = {Can Bandwidth Estimation Tackle Noise at Ultra-High Speeds?},
  Author                   = {Yin, Qianwen and Kaur, Jasleen and Smith, F Donelson},
  Booktitle                = {IEEE International Conference on Network Protocol.},
  Year                     = {2014},

  Owner                    = {kewang},
  Timestamp                = {2014.10.07}
}

