% This file was created with JabRef 2.10.
% Encoding: UTF-8


@Misc{GoogleFiber,
  Title                    = {https://fiber.google.com},

  Author                   = {Google fiber project},

  Url                      = {https://fiber.google.com}
}

@Book{bishop2006pattern,
  Title                    = {Pattern recognition and machine learning},
  Author                   = {Bishop, Christopher M and others},
  Publisher                = {springer New York},
  Year                     = {2006},
  Volume                   = {1}
}

@Article{breiman2001random,
  Title                    = {Random forests},
  Author                   = {Breiman, Leo},
  Journal                  = {Machine learning},
  Year                     = {2001},
  Number                   = {1},
  Pages                    = {5--32},
  Volume                   = {45},

  Publisher                = {Springer}
}

@Article{collins2002,
  Title                    = {Logistic regression, AdaBoost and Bregman distances},
  Author                   = {Collins, Michael and Schapire, Robert E and Singer, Yoram},
  Journal                  = {Machine Learning},
  Year                     = {2002},
  Number                   = {1-3},
  Pages                    = {253--285},
  Volume                   = {48},

  Publisher                = {Springer}
}

@Article{donoho2006compressed,
  Title                    = {Compressed sensing},
  Author                   = {Donoho, David L},
  Journal                  = {Information Theory, IEEE Transactions on},
  Year                     = {2006},
  Number                   = {4},
  Pages                    = {1289--1306},
  Volume                   = {52},

  Publisher                = {IEEE}
}

@Article{friedman2001,
  Title                    = {Greedy function approximation: a gradient boosting machine},
  Author                   = {Friedman, Jerome H},
  Journal                  = {Annals of Statistics},
  Year                     = {2001},
  Pages                    = {1189--1232},

  Publisher                = {JSTOR}
}

@InProceedings{frigo1998fftw,
  Title                    = {FFTW: An adaptive software architecture for the FFT},
  Author                   = {Frigo, Matteo and Johnson, Steven G},
  Booktitle                = {Acoustics, Speech and Signal Processing, 1998. Proceedings of the 1998 IEEE International Conference on},
  Year                     = {1998},
  Organization             = {IEEE},
  Pages                    = {1381--1384},
  Volume                   = {3}
}

@Book{hardle1990,
  Title                    = {Applied nonparametric regression},
  Author                   = {Hardle, Wolfgang},
  Publisher                = {Cambridge Univ Press},
  Year                     = {1990},
  Volume                   = {27}
}

@Book{hastie2009elements,
  Title                    = {The elements of statistical learning},
  Author                   = {Hastie, Trevor and Tibshirani, Robert and Friedman, Jerome and Hastie, T and Friedman, J and Tibshirani, R},
  Publisher                = {Springer},
  Year                     = {2009}
}

@Book{jolliffe2005principal,
  Title                    = {Principal component analysis},
  Author                   = {Jolliffe, Ian},
  Publisher                = {Wiley Online Library},
  Year                     = {2005}
}

@Book{murphy2012machine,
  Title                    = {Machine learning: a probabilistic perspective},
  Author                   = {Murphy, Kevin P},
  Publisher                = {MIT press},
  Year                     = {2012}
}

@InCollection{shriram2005,
  Title                    = {Comparison of public end-to-end bandwidth estimation tools on high-speed links},
  Author                   = {Shriram, Alok and Murray, Margaret and Hyun, Young and Brownlee, Nevil and Broido, Andre and Fomenkov, Marina and others},
  Booktitle                = {Passive and Active Network Measurement},
  Publisher                = {Springer},
  Year                     = {2005},
  Pages                    = {306--320}
}

@Article{Tibshirani1996,
  Title                    = {Regression shrinkage and selection via the lasso},
  Author                   = {Tibshirani, Robert},
  Journal                  = {Journal of the Royal Statistical Society. Series B (Methodological)},
  Year                     = {1996},
  Pages                    = {267--288},

  Publisher                = {JSTOR}
}

@Conference{Yin2014,
  Title                    = {Can Bandwidth Estimation Tackle Noise at Ultra-High Speeds?},
  Author                   = {Yin, Qianwen and Kaur, Jasleen and Smith, F Donelson},
  Booktitle                = {IEEE International Conference on Network Protocol.},
  Year                     = {2014},

  Owner                    = {kewang},
  Timestamp                = {2014.10.07}
}

@Article{zou2005,
  Title                    = {Regularization and variable selection via the elastic net},
  Author                   = {Zou, Hui and Hastie, Trevor},
  Journal                  = {Journal of the Royal Statistical Society: Series B (Statistical Methodology)},
  Year                     = {2005},
  Number                   = {2},
  Pages                    = {301--320},
  Volume                   = {67},

  Publisher                = {Wiley Online Library}
}

